<?xml version="1.0" encoding="UTF-8"?><collection xmlns="http://www.loc.gov/MARC21/slim"><record><leader>00356nam--2200133-i-4500</leader><controlfield tag="001">000038066</controlfield><controlfield tag="002">20161230</controlfield><controlfield tag="005">20170220005438</controlfield><controlfield tag="008">060222s1000------------r-----000-0-eng-d</controlfield><datafield ind1=" " ind2=" " tag="245"><subfield code="a">Reactor handbook. Second edition. Vol.1: Materials</subfield></datafield><datafield ind1=" " ind2=" " tag="260"><subfield code="a">New York</subfield><subfield code="b">Interscience</subfield><subfield code="c">1960-1964</subfield></datafield><datafield ind1=" " ind2=" " tag="700"><subfield code="a">Tripton, C. R</subfield></datafield><datafield ind1=" " ind2=" " tag="852"><subfield code="a">15818</subfield></datafield><datafield ind1=" " ind2=" " tag="CAT"><subfield code="a">SYS</subfield><subfield code="c">20170220</subfield><subfield code="h">005438</subfield></datafield></record></collection>